@article{OpenFlow,
author = {McKeown, Nick and Anderson, Tom and Balakrishnan, Hari and Parulkar, Guru and Peterson, Larry and Rexford, Jennifer and Shenker, Scott and Turner, Jonathan},
title = {OpenFlow: Enabling Innovation in Campus Networks},
year = {2008},
issue_date = {April 2008},
publisher = {Association for Computing Machinery},
address = {New York, NY, USA},
volume = {38},
number = {2},
issn = {0146-4833},
doi = {10.1145/1355734.1355746},
journal = {SIGCOMM Comput. Commun. Rev.},
month = mar,
pages = {69–74},
numpages = {6},
keywords = {ethernet switch, flow-based, virtualization}
}

@book{mitchell97,
author = {Mitchell, Thomas M.},
title = {Machine Learning},
year = {1997},
isbn = {0070428077},
publisher = {McGraw-Hill, Inc.},
address = {USA},
edition = {1}
}
@book{bishop2006,
author = {Bishop, Christopher M.},
title = {Pattern Recognition and Machine Learning (Information Science and Statistics)},
year = {2006},
isbn = {0387310738},
publisher = {Springer-Verlag},
address = {Berlin, Heidelberg}
}
@book{hastie2001,
  address = {New York, NY, USA},
  author = {Hastie, Trevor and Tibshirani, Robert and Friedman, Jerome},
  publisher = {Springer New York Inc.},
  series = {Springer Series in Statistics},
  title = {The Elements of Statistical Learning},
  year = 2001
}
@book{Goodfellow-et-al-2016,
    title={Deep Learning},
    author={Ian Goodfellow and Yoshua Bengio and Aaron Courville},
    publisher={MIT Press},
    note={\url{http://www.deeplearningbook.org}},
    year={2016}
}



@inproceedings{xiong2019switches,
  title={Do Switches Dream of Machine Learning? Toward In-Network Classification},
  author={Xiong, Zhaoqi and Zilberman, Noa},
  booktitle={Proceedings of the 18th ACM Workshop on Hot Topics in Networks},
  pages={25--33},
  year={2019}
}
@INPROCEEDINGS{PIaFFE,  author={D. R. {Mafioletti} and C. K. {Dominicini} and M. {Martinello} and M. R. N. {Ribeiro} and R. d. S. {Villaça}},  booktitle={ICC 2020 - 2020 IEEE International Conference on Communications (ICC)},   title={PIaFFE: A Place-as-you-go In-network Framework for Flexible Embedding of VNFs},   year={2020},  volume={},  number={},  pages={1-6},}

@INPROCEEDINGS{MLFV,
  author={R. {Souza} and C. {Trois} and R. {Turchetti} and M. {Martinello} and J. H. G. {Correa} and D. R. {Mafioletti} and L. C. E. {Bona} and J. C. D. {Lima} and A. {Machado}},
  booktitle={2019 IEEE Global Communications Conference (GLOBECOM)}, 
  title={MLFV: Network-Aware Orchestration for Placing Chains of Virtualized Machine Learning Functions}, 
  year={2019},
  volume={},
  number={},
  pages={1-6},}


@misc{DistributedML,
    title={Scaling Distributed Machine Learning with In-Network Aggregation},
    author={Amedeo Sapio and Marco Canini and Chen-Yu Ho and Jacob Nelson and Panos Kalnis and Changhoon Kim and Arvind Krishnamurthy and Masoud Moshref and Dan R. K. Ports and Peter Richtárik},
    year={2019},
    eprint={1903.06701},
    archivePrefix={arXiv},
    primaryClass={cs.DC}
}

@inproceedings{Reinf-learning-in-switch,
author = {Li, Youjie and Liu, Iou-Jen and Yuan, Yifan and Chen, Deming and Schwing, Alexander and Huang, Jian},
title = {Accelerating Distributed Reinforcement Learning with In-Switch Computing},
year = {2019},
isbn = {9781450366694},
publisher = {Association for Computing Machinery},
address = {New York, NY, USA},
url = {https://doi.org/10.1145/3307650.3322259},
doi = {10.1145/3307650.3322259},
booktitle = {Proceedings of the 46th International Symposium on Computer Architecture},
pages = {279–291},
numpages = {13},
keywords = {in-network computing, in-switch accelerator, reinforcement learning, distributed machine learning},
location = {Phoenix, Arizona},
series = {ISCA ’19}
}



@inproceedings{deeplearning-for-congestioncontrol,
  title={A deep reinforcement learning perspective on internet congestion control},
  author={Jay, Nathan and Rotman, Noga and Godfrey, Brighten and Schapira, Michael and Tamar, Aviv},
  booktitle={International Conference on Machine Learning},
  pages={3050--3059},
  year={2019}
}

@inproceedings{In-net-computation,
author = {Sapio, Amedeo and Abdelaziz, Ibrahim and Aldilaijan, Abdulla and Canini, Marco and Kalnis, Panos},
title = {In-Network Computation is a Dumb Idea Whose Time Has Come},
year = {2017},
isbn = {9781450355698},
publisher = {Association for Computing Machinery},
address = {New York, NY, USA},
url = {https://doi.org/10.1145/3152434.3152461},
doi = {10.1145/3152434.3152461},
booktitle = {Proceedings of the 16th ACM Workshop on Hot Topics in Networks},
pages = {150–156},
numpages = {7},
location = {Palo Alto, CA, USA},
series = {HotNets-XVI}
}





@article{feamster2017and,
  title={Why (and how) networks should run themselves},
  author={Feamster, Nick and Rexford, Jennifer},
  journal={arXiv preprint arXiv:1710.11583},
  year={2017}
}

@article{wang2020programmable,
  title={Programmable In-Network Obfuscation of Traffic},
  author={Wang, Liang and Kim, Hyojoon and Mittal, Prateek and Rexford, Jennifer},
  journal={arXiv preprint arXiv:2006.00097},
  year={2020}
}

@article{boutaba2018comprehensive,
  title={A comprehensive survey on machine learning for networking: evolution, applications and research opportunities},
  author={Boutaba, Raouf and Salahuddin, Mohammad A and Limam, Noura and Ayoubi, Sara and Shahriar, Nashid and Estrada-Solano, Felipe and Caicedo, Oscar M},
  journal={Journal of Internet Services and Applications},
  volume={9},
  number={1},
  pages={16},
  year={2018},
  publisher={Springer}
}


% Cavium
@online{CAVIUM,
  author = {CAVIUM},
  title = {{Cavium LiquidIO SmartNICs}},
  year = 2019,
  url = {https://www.marvell.com/ethernet-adapters-and-controllers/liquidio-smart-nics/},
  urldate = {2019-08-09}
}

% Mellanox
@online{MELLANOX,
  author = {MELLANOX},
  title = {{Mellanox Innova Ethernet Adapter}},
  year = 2019,
  url = {http://www.mellanox.com/products/smartnic/},
  urldate = {2019-08-09}
}

@article{P4,
author = {Bosshart, Pat and Daly, Dan and Gibb, Glen and Izzard, Martin and McKeown, Nick and Rexford, Jennifer and Schlesinger, Cole and Talayco, Dan and Vahdat, Amin and Varghese, George and Walker, David},
title = {P4: Programming Protocol-Independent Packet Processors},
year = {2014},
issue_date = {July 2014},
publisher = {Association for Computing Machinery},
address = {New York, NY, USA},
volume = {44},
number = {3},
issn = {0146-4833},
url = {https://doi.org/10.1145/2656877.2656890},
doi = {10.1145/2656877.2656890},
journal = {SIGCOMM Comput. Commun. Rev.},
month = jul,
pages = {87–95},
numpages = {9},
keywords = {reconfigurability, sdn, p4, protocol-independent}
}

@inproceedings{AIAccelerator,
author = {Sanvito, Davide and Siracusano, Giuseppe and Bifulco, Roberto},
title = {Can the Network Be the AI Accelerator?},
year = {2018},
isbn = {9781450359085},
publisher = {Association for Computing Machinery},
address = {New York, NY, USA},
url = {https://doi.org/10.1145/3229591.3229594},
doi = {10.1145/3229591.3229594},
booktitle = {Proceedings of the 2018 Morning Workshop on In-Network Computing},
pages = {20–25},
numpages = {6},
keywords = {Computation offloading, Programmable switches, SmartNIC},
location = {Budapest, Hungary},
series = {NetCompute ’18}
}



@INPROCEEDINGS{Tensor,  author={N. P. {Jouppi}},  booktitle={2017 ACM/IEEE 44th Annual International Symposium on Computer Architecture (ISCA)},   title={In-datacenter performance analysis of a tensor processing unit},   year={2017},  volume={},  number={},  pages={1-12},}

% Tofino
@online{Tofino,
  author = {Barefoot Tofino},
  title = {{Barefoot Tofino}},
  year = 2020,
  url = {https://barefootnetworks.com/technology/#tofino},
  urldate = {}
}



% Netronome website
@online{NETRONOME,
  author = {NETRONOME},
  title = {{Netronome Agilio SmartNIC}},
  year = 2019,
  url = {https://www. netronome.com/products/agilio-cx/},
  urldate = {2019-08-02}
}




@inproceedings{sharafaldin2018toward,
  title={Toward generating a new intrusion detection dataset and intrusion traffic characterization.},
  author={Sharafaldin, Iman and Lashkari, Arash Habibi and Ghorbani, Ali A},
  booktitle={ICISSP},
  pages={108--116},
  year={2018}
}
@inproceedings{lashkari2017characterization,
  title={Characterization of tor traffic using time based features.},
  author={Lashkari, Arash Habibi and Draper-Gil, Gerard and Mamun, Mohammad Saiful Islam and Ghorbani, Ali A},
  booktitle={ICISSp},
  pages={253--262},
  year={2017}
}

@techreport{larsen2011recommendations,
  title={Recommendations for transport-protocol port randomization},
  author={Larsen, Michael and Gont, Fernando},
  year={2011},
  institution={BCP 156, RFC 6056, January}
}

@article{sultana2019survey,
  title={Survey on SDN based network intrusion detection system using machine learning approaches},
  author={Sultana, Nasrin and Chilamkurti, Naveen and Peng, Wei and Alhadad, Rabei},
  journal={Peer-to-Peer Networking and Applications},
  volume={12},
  number={2},
  pages={493--501},
  year={2019},
  publisher={Springer}
}
@article{sun2018network,
  title={Network traffic classification based on transfer learning},
  author={Sun, Guanglu and Liang, Lili and Chen, Teng and Xiao, Feng and Lang, Fei},
  journal={Computers \& electrical engineering},
  volume={69},
  pages={920--927},
  year={2018},
  publisher={Elsevier}
}
@article{pacheco2018towards,
  title={Towards the deployment of machine learning solutions in network traffic classification: A systematic survey},
  author={Pacheco, Fannia and Exposito, Ernesto and Gineste, Mathieu and Baudoin, Cedric and Aguilar, Jose},
  journal={IEEE Communications Surveys \& Tutorials},
  volume={21},
  number={2},
  pages={1988--2014},
  year={2018},
  publisher={IEEE}
}
@article{lotfollahi2020deep,
  title={Deep packet: A novel approach for encrypted traffic classification using deep learning},
  author={Lotfollahi, Mohammad and Siavoshani, Mahdi Jafari and Zade, Ramin Shirali Hossein and Saberian, Mohammdsadegh},
  journal={Soft Computing},
  volume={24},
  number={3},
  pages={1999--2012},
  year={2020},
  publisher={Springer}
}
@article{dias2019innovative,
  title={An innovative approach for real-time network traffic classification},
  author={Dias, Klenilmar Lopes and Pongelupe, Mateus Almeida and Caminhas, Walmir Matos and de Errico, Luciano},
  journal={Computer Networks},
  volume={158},
  pages={143--157},
  year={2019},
  publisher={Elsevier}
}

@inproceedings{berger2018towards,
  title={Towards lightweight and robust machine learning for cdn caching},
  author={Berger, Daniel S},
  booktitle={Proceedings of the 17th ACM Workshop on Hot Topics in Networks},
  pages={134--140},
  year={2018}
}

@article{ilievski2020efficiency,
  title={Efficiency of Supervised Machine Learning Algorithms in Regular and Encrypted VoIP Classification within NFV Environment.},
  author={Ilievski, Gjorgji and Latkoski, Pero},
  journal={Radioengineering},
  volume={29},
  number={1},
  year={2020}
}

@article{bosshart2013forwarding,
  title={Forwarding metamorphosis: Fast programmable match-action processing in hardware for SDN},
  author={Bosshart, Pat and Gibb, Glen and Kim, Hun-Seok and Varghese, George and McKeown, Nick and Izzard, Martin and Mujica, Fernando and Horowitz, Mark},
  journal={ACM SIGCOMM Computer Communication Review},
  volume={43},
  number={4},
  pages={99--110},
  year={2013},
  publisher={ACM New York, NY, USA}
}

@online{p4-bmv2,
  author = {\relax P4 Language Consortium},
  title = {P4-bmv2 Website},
  url = {https://github.com/p4lang/},
}
